<record><leader>00000cas a2200000 a 4500</leader><controlfield tag="001">11384548</controlfield><controlfield tag="008">841114d18871888ksuwr ne      0   a0eng d</controlfield><datafield ind1=" " ind2=" " tag="010"><subfield code="a">sn 84030046 </subfield></datafield><datafield ind1=" " ind2=" " tag="040"><subfield code="a">KSH</subfield><subfield code="b">eng</subfield><subfield code="c">KSH</subfield><subfield code="d">NPT</subfield><subfield code="d">OCL</subfield><subfield code="d">OCLCQ</subfield></datafield><datafield ind1=" " ind2=" " tag="042"><subfield code="a">msc</subfield></datafield><datafield ind1="0" ind2=" " tag="130"><subfield code="a">Commercial (Cincinnati, Kan.)</subfield></datafield><datafield ind1="1" ind2="4" tag="245"><subfield code="a">The commercial.</subfield></datafield><datafield ind1="1" ind2="3" tag="246"><subfield code="a">Cincinnati commercial</subfield><subfield code="f">May 5-Dec. 22, 1887</subfield></datafield><datafield ind1="1" ind2="3" tag="246"><subfield code="a">Appomattox commercial</subfield><subfield code="f">July 5-Oct. 4, 1888</subfield></datafield><datafield ind1=" " ind2=" " tag="260"><subfield code="a">Cincinnati, Kan. :</subfield><subfield code="b">Commercial Pub. Co. :</subfield><subfield code="b">Kendall &amp; Perry,</subfield><subfield code="c">1887-</subfield></datafield><datafield ind1=" " ind2=" " tag="300"><subfield code="a">v. :</subfield><subfield code="b">ill. ;</subfield><subfield code="c">54 cm.</subfield></datafield><datafield ind1=" " ind2=" " tag="310"><subfield code="a">Weekly</subfield></datafield><datafield ind1="0" ind2=" " tag="362"><subfield code="a">Vol. 1, no. 45 (Apr. 7, 1887)-</subfield></datafield><datafield ind1="1" ind2=" " tag="362"><subfield code="a">Ceased with Oct. 4, 1888 issue?</subfield></datafield><datafield ind1=" " ind2=" " tag="500"><subfield code="a">Published at Appomattox, Kan., Dec. 29, 1887-</subfield></datafield><datafield ind1=" " ind2=" " tag="500"><subfield code="a">Published by John M. Ruckman, Aug. 30, 1888-</subfield></datafield><datafield ind1=" " ind2=" " tag="500"><subfield code="a">"Republican." Cf. Ayer, 1888.</subfield></datafield><datafield ind1=" " ind2=" " tag="752"><subfield code="a">United States</subfield><subfield code="b">Kansas</subfield><subfield code="c">Grant</subfield><subfield code="d">Cincinnati.</subfield></datafield><datafield ind1=" " ind2=" " tag="752"><subfield code="a">United States</subfield><subfield code="b">Kansas</subfield><subfield code="c">Grant</subfield><subfield code="d">Appomattox.</subfield></datafield><datafield ind1="0" ind2="0" tag="780"><subfield code="t">Surprise post</subfield><subfield code="w">(DLC)sn 84030041</subfield></datafield><datafield ind1="0" ind2="5" tag="780"><subfield code="t">Appomatox advocate</subfield><subfield code="g">Aug. 30, 1888</subfield><subfield code="w">(DLC)sn 84030089</subfield></datafield><datafield ind1="0" ind2="7" tag="785"><subfield code="t">Ulysses tribune</subfield><subfield code="w">(DLC)sn 84030127</subfield></datafield><datafield ind1="0" ind2="7" tag="785"><subfield code="t">Tribune-commercial</subfield><subfield code="w">(DLC)sn 84030084</subfield></datafield></record>